@Book{ref1,
author={},
title={},
year={},
institution={},
url={}
}
@TechReport{listingCite,
	author = {Carsten Heinz and Brooks Moses},
	title  ={The Listings Package},
	year = {2007},
	institution = {CTAN TEX Archive},
	url=		{http://www.ctan.org/tex-archive/macros/latex/contrib/listings}
}
@TechReport{A,
	author = {D. Lowe},
	title  ={Distinctive image features from scale-invariant keypoints},
	year = {2004},
	institution = {IJCV},
	url={}
}
@TechReport{B,
	author = {N. Dalal and B. Triggs},
	title  ={Histograms of oriented gradients for human detection},
	year = {2005},
	institution = {CVPR},
	url={}
}

@TechReport{C,
	author = {Michael Doob},
	title = {Region based Convolutional Networks for Accurate Object Detection and Segmentation},
	year = {1995},
	institution = {POLYGON},
	url = {http://www.inf.unideb.hu/~matex/konyvek/texkonyvek.html}
}

@TechReport{D,
	author = {A. Krizhevsky, I. Sutskever, and G. Hinton},
	title = {ImageNet classification with deep convolutional neural networks},
	year = {2012},
	institution = {NIPS},
	url={}
}


@TechReport{E,
  author    = {J. Deng, A. Berg, S. Satheesh, H. Su, A. Khosla, and L. Fei-Fei},
  title     = {ImageNet Large Scale Visual Recognition Competition 2012 (ILSVRC2012)},
  year={2012},
  institution={},
  url   = {http://www.image-net.org/challenges/LSVRC/2012}
  }
  
@TechReport{F,
  author =       {Walter R. Gilks and Sylvia Richardson and David J. Spiegelhalter},
  title =        {Fast R-CNN},
  institution =    {Chapman and Hall},
  year =         {1996},
 url={}
}
@TechReport{G,
  author =       {R. Girshick, J. Donahue, T. Darrell, and J. Malik},
  title =        {Rich feature hierarchies for accurate object detection and semantic segmentation.},
  institution =    {CVPR},
  year =         {2014},
  url={}
}
@TechReport{H,
  author =       {Y. Zhu, R. Urtasun, R. Salakhutdinov, and S. Fidler},
  title =        {segDeepM: Exploiting segmentation and context in deep neural networks for object detection.},
  publisher =    {CVPR},
  year =         {2015}
}
@TechReport{I,
  author =	 {K. He, X. Zhang, S. Ren, and J. Sun},
  title = 	 {Spatial pyramid pooling in deep convolutional networks for visual recognition},
  publisher = 	 {ECCV},
  year = 	 {2014}
}
@BOOK{J,
  AUTHOR =	{Christopher M. Bishop},
  TITLE =	 {Faster R-CNN: Towards Real-Time Object Detection with Region Proposal Networks},
  YEAR =	 {2006},
  PUBLISHER =	 {Springer Verlag},
  ADDRESS =	 {New York, N.Y.}
}
@TechReport{K,
  author = {Christopher M. Bishop},
  title = {Feature Pyramid Networks for Object Detection.},
  year = {1995},
  address   = {Oxford},
  publisher = {Oxford University Press}
}

@BOOK{L,
    AUTHOR = {Stuart J. Russell and Peter Norvig},
    TITLE = {Mask R-CNN},
    institution = {Prentice-Hall},
    YEAR = {1995},
url={}
}
@BOOK{M,
    AUTHOR = {Donald O. Hebb},
    TITLE = {The Organization of Behavior},
    institution = {Wiley},
    YEAR = {1949},
	url={}
}
@BOOK{N,
    AUTHOR = {Y.LeCun, L.Bottou, G.B.Orr, and K.R.Muller},
    TITLE = {Efficient backprop. In Neural Networks: Tricks of the Trade},
    PUBLISHER = {Springer},
    YEAR = {1998},
url={}
}
@Article{O,
	author = {X. Glorot and Y. Bengio.},
	title = {Understanding the difficulty of training deep feedforward neural networks},
	year  ={2010},
	institution = {AISTATS},
	url={}
}
@Article{P,
	author = {A. M. Saxe, J. L. McClelland, and S. Ganguli.},
	title = {Exact solutions to the nonlinear dynamics of learning in deep linear neural networks.},
	year  ={2013},
	institution = {arXiv:1312.6120},
	url={}
}
@Article{Q,
	author = {K. He, X. Zhang, S. Ren, and J. Sun.},
	title = {Delving deep into rectifiers: Surpassing human-level performance on imagenet classification.},
	year  ={2015},
	institution = {ICCV},
	url={}
}
@Article{R,
	author = {S. Ioffe and C. Szegedy},
	title = {Batch normalization: Accelerating deep network training by reducing internal covariate shift.},
	year  ={2015},
	institution = {ICML},
	url={}
}

@Article{S,
	author = {Y. LeCun, B. Boser, J. S. Denker, D. Henderson, R. E. Howard, W. Hubbard, and L. D. Jackel},
	title = {Backpropagation applied to handwritten zip code recognition. Neural computation.},
	year  ={1989},
	institution={},
	url={}
}
@Article{T,
	author = {P. O. Pinheiro, T.-Y. Lin, R. Collobert, and P. Dollar},
	title = {Learning to refine object segments.},
	year  ={2016},
	institution = {ECCV},
	url={}
}
@Article{U,
	author = {D. G. Lowe.},
	title = {Distinctive image features from scale-invariant keypoints.},
	year  ={2004},
	institution = {IJCV},
	url={}
}
@Article{V,
	author = {P. Zhu, L. Wen, X. Bian, H. Ling and Q. Hu.},
	title = {Vision Meets Drones: A Challenge.},
	year  ={2018},
	institution={},
	url={}
}
@TechReport{W,
author={},
title={},
year={},
institution={},
	url = {http://dronedataset.icg.tugraz.at/}
}
@TechReport{X,
author={},
title={},
year={},
institution={},
	url = {https://opensource.org/licenses/MIT}
}
@TechReport{Y,
  author =       {Ondrej Presek and Martin Landa.},
  title =        {Mask R-CNN in GRASS GIS},
  institution =    {Czech Technical University in Praque},
  year =         {2018},
  url={}
}
